@article{RN8,
   author = {Briefer, Elodie and McElligott, Alan G},
   title = {Mutual mother–offspring vocal recognition in an ungulate hider species (Capra hircus)},
   journal = {Animal cognition},
   volume = {14},
   number = {4},
   pages = {585-598},
   ISSN = {1435-9456},
   year = {2011},
   type = {Journal Article}
}

@article{RN24,
   author = {Butler, Julie M and Whitlow, Sarah M and Roberts, David A and Maruska, Karen P},
   title = {Neural and behavioural correlates of repeated social defeat},
   journal = {Scientific reports},
   volume = {8},
   number = {1},
   pages = {1-13},
   ISSN = {2045-2322},
   year = {2018},
   type = {Journal Article}
}

@article{RN3,
   author = {De La Torre, Mónica Padilla and Briefer, Elodie F and Ochocki, Brad M and McElligott, Alan G and Reader, Tom},
   title = {Mother–offspring recognition via contact calls in cattle, Bos taurus},
   journal = {Animal Behaviour},
   volume = {114},
   pages = {147-154},
   ISSN = {0003-3472},
   year = {2016},
   type = {Journal Article}
}

@article{RN20,
   author = {Fang, Yi-Ya and Yamaguchi, Takashi and Song, Soomin C and Tritsch, Nicolas X and Lin, Dayu},
   title = {A hypothalamic midbrain pathway essential for driving maternal behaviors},
   journal = {Neuron},
   volume = {98},
   number = {1},
   pages = {192-207. e10},
   ISSN = {0896-6273},
   year = {2018},
   type = {Journal Article}
}

@article{RN1,
   author = {Gilbert, James DJ and Manica, Andrea},
   title = {The evolution of parental care in insects: a test of current hypotheses},
   journal = {Evolution},
   volume = {69},
   number = {5},
   pages = {1255-1270},
   ISSN = {0014-3820},
   year = {2015},
   type = {Journal Article}
}

@article{RN23,
   author = {Gilbert, James DJ and Manica, Andrea},
   title = {The evolution of parental care in insects: a test of current hypotheses},
   journal = {Evolution},
   volume = {69},
   number = {5},
   pages = {1255-1270},
   ISSN = {0014-3820},
   year = {2015},
   type = {Journal Article}
}

@article{RN12,
   author = {Goicoechea, Oscar and Garrido, Orlando and Jorquera, Boris},
   title = {Evidence for a trophic paternal-larval relationship in the frog Rhinoderma darwinii},
   journal = {Journal of Herpetology},
   pages = {168-178},
   ISSN = {0022-1511},
   year = {1986},
   type = {Journal Article}
}

@article{RN6,
   author = {Johnstone, Rufus A},
   title = {Multiple displays in animal communication:‘backup signals’ and ‘multiple messages’},
   journal = {Philosophical Transactions of the Royal Society of London. Series B: Biological Sciences},
   volume = {351},
   number = {1337},
   pages = {329-338},
   ISSN = {0962-8436},
   year = {1996},
   type = {Journal Article}
}

@article{RN21,
   author = {Keer, SE and Stern, JM},
   title = {Dopamine receptor blockade in the nucleus accumbens inhibits maternal retrieval and licking, but enhances nursing behavior in lactating rats},
   journal = {Physiology & behavior},
   volume = {67},
   number = {5},
   pages = {659-669},
   ISSN = {0031-9384},
   year = {1999},
   type = {Journal Article}
}

@article{RN25,
   author = {Knight, Zachary A and Tan, Keith and Birsoy, Kivanc and Schmidt, Sarah and Garrison, Jennifer L and Wysocki, Robert W and Emiliano, Ana and Ekstrand, Mats I and Friedman, Jeffrey M},
   title = {Molecular profiling of activated neurons by phosphorylated ribosome capture},
   journal = {Cell},
   volume = {151},
   number = {5},
   pages = {1126-1137},
   ISSN = {0092-8674},
   year = {2012},
   type = {Journal Article}
}

@article{RN7,
   author = {Knörnschild, Mirjam and Von Helversen, Otto},
   title = {Nonmutual vocal mother–pup recognition in the greater sac-winged bat},
   journal = {Animal Behaviour},
   volume = {76},
   number = {3},
   pages = {1001-1009},
   ISSN = {0003-3472},
   year = {2008},
   type = {Journal Article}
}

@article{RN4,
   author = {Krause, E Tobias and Krüger, Oliver and Kohlmeier, Philip and Caspers, Barbara A},
   title = {Olfactory kin recognition in a songbird},
   journal = {Biology letters},
   volume = {8},
   number = {3},
   pages = {327-329},
   ISSN = {1744-9561},
   year = {2012},
   type = {Journal Article}
}

@article{RN18,
   author = {Maruska, Karen P and Butler, Julie M and Field, Karen E and Forester, Christopher and Augustus, Ashley},
   title = {Neural Activation Patterns Associated with Maternal Mouthbrooding and Energetic State in an African Cichlid Fish},
   journal = {Neuroscience},
   volume = {446},
   pages = {199-212},
   ISSN = {0306-4522},
   year = {2020},
   type = {Journal Article}
}

@article{RN26,
   author = {Maruska, Karen P and Butler, Julie M and Field, Karen E and Forester, Christopher and Augustus, Ashley},
   title = {Neural Activation Patterns Associated with Maternal Mouthbrooding and Energetic State in an African Cichlid Fish},
   journal = {Neuroscience},
   volume = {446},
   pages = {199-212},
   ISSN = {0306-4522},
   year = {2020},
   type = {Journal Article}
}

@article{RN14,
   author = {Maruska, Karen P and Fernald, Russell D},
   title = {Astatotilapia burtoni: A model system for analyzing the neurobiology of behavior},
   journal = {ACS chemical neuroscience},
   volume = {9},
   number = {8},
   pages = {1951-1962},
   ISSN = {1948-7193},
   year = {2018},
   type = {Journal Article}
}

@article{RN19,
   author = {Messias, João PM and Paula, José R and Grutter, Alexandra S and Bshary, Redouan and Soares, Marta C},
   title = {Dopamine disruption increases negotiation for cooperative interactions in a fish},
   journal = {Scientific reports},
   volume = {6},
   number = {1},
   pages = {1-8},
   ISSN = {2045-2322},
   year = {2016},
   type = {Journal Article}
}

@article{RN9,
   author = {Neff, Bryan D and Sherman, Paul W},
   title = {Nestling recognition via direct cues by parental male bluegill sunfish (Lepomis macrochirus)},
   journal = {Animal cognition},
   volume = {6},
   number = {2},
   pages = {87-92},
   ISSN = {1435-9448},
   year = {2003},
   type = {Journal Article}
}

@article{RN22,
   author = {Numan, Michael and Stolzenberg, Danielle S},
   title = {Medial preoptic area interactions with dopamine neural systems in the control of the onset and maintenance of maternal behavior in rats},
   journal = {Frontiers in neuroendocrinology},
   volume = {30},
   number = {1},
   pages = {46-64},
   ISSN = {0091-3022},
   year = {2009},
   type = {Journal Article}
}

@article{RN17,
   author = {O’Connell, Lauren A and Hofmann, Hans A},
   title = {Evolution of a vertebrate social decision-making network},
   journal = {Science},
   volume = {336},
   number = {6085},
   pages = {1154-1157},
   ISSN = {0036-8075},
   year = {2012},
   type = {Journal Article}
}

@article{RN13,
   author = {Okuda, Noboru and Yanagisawa, Yasunobu},
   title = {Filial cannibalism by mouthbrooding males of the cardinal fish, Apogon doederleini, in relation to their physical condition},
   journal = {Environmental Biology of Fishes},
   volume = {45},
   number = {4},
   pages = {397-404},
   ISSN = {1573-5133},
   year = {1996},
   type = {Journal Article}
}

@article{RN11,
   author = {Oppenheimer, John R},
   title = {Mouthbreeding in fishes},
   journal = {Animal Behaviour},
   volume = {18},
   pages = {493-503},
   ISSN = {0003-3472},
   year = {1970},
   type = {Journal Article}
}

@article{RN5,
   author = {Parr, Lisa A and Heintz, Matthew and Lonsdorf, Elizabeth and Wroblewski, Emily},
   title = {Visual kin recognition in nonhuman primates:(Pan troglodytes and Macaca mulatta): inbreeding avoidance or male distinctiveness?},
   journal = {Journal of Comparative Psychology},
   volume = {124},
   number = {4},
   pages = {343},
   ISSN = {1939-2087},
   year = {2010},
   type = {Journal Article}
}

@article{RN15,
   author = {Renn, Suzy CP and Carleton, Julia B and Magee, H and Nguyen, My Linh T and Tanner, Ameara CW},
   title = {Maternal care and altered social phenotype in a recently collected stock of Astatotilapia burtoni cichlid fish},
   journal = {Integrative and comparative biology},
   volume = {49},
   number = {6},
   pages = {660-673},
   ISSN = {1557-7023},
   year = {2009},
   type = {Journal Article}
}

@article{RN2,
   author = {Reynolds, John D and Goodwin, Nicholas B and Freckleton, Robert P},
   title = {Evolutionary transitions in parental care and live bearing in vertebrates},
   journal = {Philosophical Transactions of the Royal Society of London. Series B: Biological Sciences},
   volume = {357},
   number = {1419},
   pages = {269-281},
   ISSN = {0962-8436},
   year = {2002},
   type = {Journal Article}
}

@article{RN16,
   author = {Rodriguez, Alvaro and Zhang, Hanqing and Klaminder, Jonatan and Brodin, Tomas and Andersson, Patrik L and Andersson, Magnus},
   title = {ToxTrac: a fast and robust software for tracking organisms},
   journal = {Methods in Ecology and Evolution},
   volume = {9},
   number = {3},
   pages = {460-464},
   ISSN = {2041-210X},
   year = {2018},
   type = {Journal Article}
}

@article{RN27,
   author = {Ruvinsky, Igor and Meyuhas, Oded},
   title = {Ribosomal protein S6 phosphorylation: from protein synthesis to cell size},
   journal = {Trends in biochemical sciences},
   volume = {31},
   number = {6},
   pages = {342-348},
   ISSN = {0968-0004},
   year = {2006},
   type = {Journal Article}
}

@article{RN10,
   author = {Svensson, Ola and Lissåker, Maria and Mobley, Kenyon B},
   title = {Offspring recognition and the influence of clutch size on nest fostering among male sand gobies, Pomatoschistus minutus},
   journal = {Behavioral ecology and sociobiology},
   volume = {64},
   number = {8},
   pages = {1325-1331},
   ISSN = {1432-0762},
   year = {2010},
   type = {Journal Article}
}

@article{RN28,
   author = {Nelson, CTJ and Elwood, RW},
   title = {Parental state and offspring recognition in the biparental cichlid fish Pevicachromis pulcher},
   journal = {Animal Behavior},
   volume = {54},
   number = {},
   pages = {803-809},
   ISSN = {1432-0762},
   year = {1996},
   type = {Journal Article}
}

@article{RN29,
   author = {McKay, KR, and Barlow, GW},
   title = {Chemical Recognition of Young by the Midas Cichlid, Cichlasoma citrinellum},
   journal = {Copeia},
   volume = {2},
   number = {},
   pages = {276-282},
   ISSN = {1432-0762},
   year = {1976},
   type = {Journal Article}
}